@misc{npm,
  title = {Administrador de paquetes npm},
  howpublished = {\url{https://www.npmjs.com/}}
}

@misc{git,
  title = {Control de versiones Git},
  howpublished = {\url{https://git-scm.com/}}
}

@misc{bower,
  title = {Administrador de paquetes bower},
  howpublished = {\url{https://bower.io/}}
}

@misc{gulp,
  title = {Ejecutador de tareas Gulp},
  howpublished = {\url{http://gulpjs.com/}}
}

@misc{leaflet,
  title = {Leaflet, mobile-friendly interactive maps.},
  howpublished = {\url{http://leafletjs.com/}}
}

@misc{bootstrap,
  title = {Bootstrap, responsive mobile first framework.},
  howpublished = {\url{http://getbootstrap.com/}}
}

@misc{sass,
  title = {SASS, preprocesador CSS.},
  howpublished = {\url{http://sass-lang.com/}}
}

